@article{bib1,
  author = {Tomás Turina y Nicolás Papp},
  title  = {Modelado del planificador a corto plazo con redes de Petri},
  year   = {2019}
}

@book{bib2,
  author = {Marshall Kirk McKusick and George V. Neville-Neil and Robert N.M. Watson},
  title  = {The Design and Implementation of the FreeBSD Operating System (2nd Edition)},
  year   = {2014}
}

@book{bib3,
  author    = {Marshall Kirk McKusick and Keith Bostic and Michael J. Karels and John S. Quarterman},
  publisher = {Addison-Wesley Professional},
  title     = {The Design and Implementation of the 4.4BSD Operating System},
  year      = {1996}
}

@misc{bib4,
  author = {Marshall Kirk McKusick},
  title  = {An Overview of Scheduling in the FreeBSD Kernel},
  year   = {2020}
}

@misc{bib5,
  author = {Stanford Secure Computer Systems},
  title  = {4.4BSD Scheduler},
  year   = {2010},
  note   = {Available at \url{https://www.scs.stanford.edu/23wi-cs212/pintos/pintos_7.html}}
}

@misc{bib6,
  author        = {FreeBSD Forums},
  title         = {Kernel panics when given a high workload},
  howpublished  = {\url{https://forums.freebsd.org/threads/kernel-panics-when-given-a-high-workload.88028/}},
  year          = {2023}
}