@article{journals/sigkdd/KwapiszWM10,
    title = {{Activity recognition using cell phone accelerometers}},
    year = {2010},
    journal = {SIGKDD Explorations},
    author = {Kwapisz, Jennifer R and Weiss, Gary M and Moore, Samuel},
    number = {2},
    pages = {74--82},
    volume = {12},
    url = {http://doi.acm.org/10.1145/1964897.1964918}
}

@misc{oai:deepblue.lib.umich.edu:2027.42/4507,
    title = {{Analysis of the behavior of a class of genetic adaptive systems}},
    year = {1975},
    author = {Jong, De and Alan, Kenneth and {1944-}},
    url = {http://hdl.handle.net/2027.42/4507}
}

@misc{oai:arXiv.org:1401.8212,
    title = {{Human Activity Recognition using Smartphone}},
    year = {2014},
    author = {Rasekh, Amin and Chen, Chien-An and Lu, Yan},
    url = {http://arxiv.org/abs/1401.8212}
}

@article{LeCun1990Optimal,
    title = {{Optimal Brain Damage}},
    year = {1990},
    journal = {Advances in neural information processing systems},
    author = {Cun, Yann Le and Denker, J S and Solla, S A},
    pages = {598--605},
    volume = {2},
    url = {http://yann.lecun.com/exdb/publis/pdf/lecun-90b.pdf},
    keywords = {neural network pruning information theory}
}

@inproceedings{Cun89,
    title = {{Optimal Brain Damage}},
    year = {1989},
    booktitle = {Proceedings of NIPS-89},
    author = {Cun, Yann Le and Denker, J S and Solla, S A},
    pages = {598--605},
    keywords = {neural network pruning information theory}
}

@techreport{oai:CiteSeerX.psu:10.1.1.416.6696,
    title = {{Pruning of neural networks}},
    year = {2014},
    author = {Suisse, Martigny Valais and Thimm, G and Fiesler, E and Thimm, G and Fiesler, E},
    url = {http://citeseerx.ist.psu.edu/viewdoc/summary?doi=10.1.1.416.6696; http://www.idiap.ch/ftp/reports/1997/rr97-03.pdf}
}

@incollection{HassibiITORBD18,
    title = {{Second Order Derivatives for Network Pruning: Optimal Brain Surgeon}},
    author = {Hassibi, B and Stork, D G}
}

@article{sags,
    title = {{STRUCTURAL ADAPTATION AND GENERALIZATION IN SUPERVISED FEED-FORWARD NETWORKS}},
    year = {1994},
    journal = {Jl. of Artificial Neural Networks},
    author = {Ghosh, Joydeep and Tumer, Kagan},
    number = {4},
    pages = {431--458},
    volume = {1},
    url = {ftp://www.lans.ece.utexas.edu/pub/papers/struc_adapt_jann94.ps.Z}
}

@article{journals/tnn/LeungLLT03,
    title = {{Tuning of the structure and parameters of a neural network using an improved genetic algorithm}},
    year = {2003},
    journal = {IEEE Transactions on Neural Networks},
    author = {Leung, Frank Hung-Fat and Lam, Hak-Keung and Ling, Sai-Ho and Tam, Peter Kwong-Shun},
    number = {1},
    pages = {79--88},
    volume = {14},
    url = {http://dx.doi.org/10.1109/TNN.2002.804317}
}

@article{Leuthardt2004AHumans.,
    title = {{A brain-computer interface using electrocorticographic signals in humans.}},
    year = {2004},
    journal = {Journal of neural engineering},
    author = {Leuthardt, Eric C and Schalk, Gerwin and Wolpaw, Jonathan R and Ojemann, Jeffrey G and Moran, Daniel W},
    number = {2},
    month = {6},
    pages = {63--71},
    volume = {1},
    url = {http://www.ncbi.nlm.nih.gov/pubmed/15876624},
    doi = {10.1088/1741-2560/1/2/001},
    issn = {1741-2560},
    pmid = {15876624},
    keywords = {Adult, Brain, Brain: physiopathology, Communication Aids for Disabled, Computer Peripherals, Diagnosis, Computer-Assisted, Diagnosis, Computer-Assisted: methods, Electrodes, Implanted, Electroencephalography, Electroencephalography: methods, Evoked Potentials, Female, Humans, Imagination, Male, Movement Disorders, Movement Disorders: physiopathology, Movement Disorders: rehabilitation, User-Computer Interface}
}

@article{Thomas2014AApplications,
    title = {{A New Multilayer Perceptron Pruning Algorithm for Classification and Regression Applications}},
    year = {2014},
    journal = {Neural Processing Letters},
    author = {Thomas, Philippe and Suhner, Marie-Christine},
    url = {http://link.springer.com/10.1007/s11063-014-9366-5},
    doi = {10.1007/s11063-014-9366-5},
    issn = {1370-4621},
    keywords = {classification, multilayer perceptron, neural network, pruning, regression}
}

@article{Kwapisz2011ActivityAccelerometers,
    title = {{Activity recognition using cell phone accelerometers}},
    year = {2011},
    journal = {ACM SIGKDD Explorations {\ldots}},
    author = {Kwapisz, Jennifer and Weiss, Gary and Moore, Samuel},
    number = {2},
    pages = {74--82},
    volume = {12},
    url = {http://dl.acm.org/citation.cfm?id=1964918},
    isbn = {9781450302241},
    doi = {10.1145/1964897.1964918},
    issn = {19310145}
}

@article{Bundy2016DecodingHumans.,
    title = {{Decoding three-dimensional reaching movements using electrocorticographic signals in humans.}},
    year = {2016},
    journal = {Journal of neural engineering},
    author = {Bundy, David T and Pahwa, Mrinal and Szrama, Nicholas and Leuthardt, Eric C},
    number = {2},
    month = {2},
    pages = {026021},
    volume = {13},
    url = {http://www.ncbi.nlm.nih.gov/pubmed/26902372},
    doi = {10.1088/1741-2560/13/2/026021},
    issn = {1741-2552},
    pmid = {26902372}
}

@article{Lazarevic2001EffectiveEnsembles,
    title = {{Effective pruning of neural network classifier ensembles}},
    year = {2001},
    journal = {IJCNN'01. International Joint Conference on Neural Networks. Proceedings (Cat. No.01CH37222)},
    author = {Lazarevic, a. and Obradovic, Z.},
    pages = {796--801},
    volume = {2},
    isbn = {0-7803-7044-9},
    doi = {10.1109/IJCNN.2001.939461},
    issn = {1098-7576}
}

@article{Mantzaris2011GeneticEstimation,
    title = {{Genetic algorithm pruning of probabilistic neural networks in medical disease estimation}},
    year = {2011},
    journal = {Neural Networks},
    author = {Mantzaris, Dimitrios and Anastassopoulos, George and Adamopoulos, Adam},
    number = {8},
    pages = {831--835},
    volume = {24},
    publisher = {Elsevier Ltd},
    url = {http://dx.doi.org/10.1016/j.neunet.2011.06.003},
    isbn = {1879-2782},
    doi = {10.1016/j.neunet.2011.06.003},
    issn = {08936080},
    pmid = {21723704},
    keywords = {Feature selection, Genetic algorithms, Probabilistic neural networks pruning, Vesicoureteral reflux}
}

@article{Whitley1995GeneticNetworks,
    title = {{Genetic algorithms and neural networks}},
    year = {1995},
    journal = {Genetic algorithms in engineering and computer {\ldots}},
    author = {Whitley, D},
    pages = {1--15},
    url = {http://citeseerx.ist.psu.edu/viewdoc/download?doi=10.1.1.18.2120&rep=rep1&type=pdf},
    isbn = {047195859X},
    issn = {0167-8191}
}

@article{Leardi1992GeneticFeature-Selection,
    title = {{Genetic Algorithms As A Strategy for Feature-Selection}},
    year = {1992},
    journal = {J.Chemomet.},
    author = {Leardi, R and Boggia, R and Terrile, M},
    number = {July},
    pages = {267--281},
    volume = {6},
    url = {ISI:A1992JW85700004},
    keywords = {Algorithms, FEATURE SELECTION, GENETIC ALGORITHMS, Multivariate Analysis, OPTIMIZATION METHODS, Paper, methods}
}

@article{Sharma2008HighNetwork,
    title = {{High Accuracy Human Activity Monitoring Using Neural Network}},
    year = {2008},
    journal = {2008 Third International Conference on Convergence and Hybrid Information Technology},
    author = {Sharma, a. and Lee, Young-Dong Lee Young-Dong and Chung, Wan-Young Chung Wan-Young},
    pages = {430--435},
    volume = {1},
    isbn = {978-0-7695-3407-7},
    doi = {10.1109/ICCIT.2008.394},
    keywords = {Activity monitoring, Levenberg-marquardt algorithm, Neural network, RMS}
}

@article{Rasekh2014HumanSmartphone,
    title = {{Human activity recognition using smartphone}},
    year = {2014},
    journal = {arXiv preprint arXiv:1401.8212},
    author = {Rasekh, a and Chen, Ca and Lu, Yan},
    pages = {2012--2015},
    url = {http://arxiv.org/abs/1401.8212},
    isbn = {9781479935284},
    keywords = {activity, artificial neural networks, assistive and telepresence, assistive technologies, e-health, recognition}
}

@article{Oh2004HybridSelection.,
    title = {{Hybrid genetic algorithms for feature selection.}},
    year = {2004},
    journal = {IEEE transactions on pattern analysis and machine intelligence},
    author = {Oh, Il-Seok and Lee, Jin-Seon and Moon, Byung-Ro},
    number = {11},
    pages = {1424--1437},
    volume = {26},
    doi = {10.1109/TPAMI.2004.105},
    issn = {0162-8828},
    pmid = {15521491}
}

@article{Hotson2016IndividualSubject.,
    title = {{Individual finger control of a modular prosthetic limb using high-density electrocorticography in a human subject.}},
    year = {2016},
    journal = {Journal of neural engineering},
    author = {Hotson, Guy and McMullen, David P and Fifer, Matthew S and Johannes, Matthew S and Katyal, Kapil D and Para, Matthew P and Armiger, Robert and Anderson, William S and Thakor, Nitish V and Wester, Brock A and Crone, Nathan E},
    number = {2},
    month = {4},
    pages = {026017},
    volume = {13},
    url = {http://www.ncbi.nlm.nih.gov/pubmed/26863276},
    doi = {10.1088/1741-2560/13/2/026017},
    issn = {1741-2552},
    pmid = {26863276}
}

@article{Setiono1997Neural-networkSelector,
    title = {{Neural-network feature selector}},
    year = {1997},
    journal = {IEEE Transactions on Neural Networks},
    author = {Setiono, Rudy and Liu, Huan},
    number = {3},
    pages = {654--662},
    volume = {8},
    doi = {10.1109/72.572104},
    issn = {10459227},
    pmid = {18255668},
    keywords = {Backpropagation, Cross entropy, Feature selection, Feedforward neural network, Network pruning, Penalty term}
}

@book{NetworksNoTitle,
    title = {{No Title}},
    author = {Networks, Why Neural and Now, Why and Are, How and Networks, Neural}
}

@article{NoTitle,
    title = {{No Title}}
}

@article{Cun1990OptimalDamage,
    title = {{Optimal Brain Damage}},
    year = {1990},
    journal = {Advances in Neural Information Processing Systems},
    author = {Cun, Yann Le and Denker, John S and Solla, Sara a},
    pages = {598--605},
    volume = {2},
    url = {http://onlinelibrary.wiley.com/doi/10.1002/cbdv.200490137/abstract\nhttp://www.lecun.com/exdb/publis/pdf/lecun-90b.pdf\nhttp://citeseerx.ist.psu.edu/viewdoc/download?doi=10.1.1.32.7223&amp;rep=rep1&amp;type=pdf},
    isbn = {1558601007},
    doi = {10.1.1.32.7223}
}

@article{Hassibi1993OptimalPruning,
    title = {{Optimal Brain Surgeon and general network pruning}},
    year = {1993},
    journal = {IEEE International Conference on Neural Networks},
    author = {Hassibi, B. and Stork, D.G. and Wolff, G.J.},
    isbn = {0-7803-0999-5},
    doi = {10.1109/ICNN.1993.298572}
}

@article{Chen2013PredictionCortex.,
    title = {{Prediction of hand trajectory from electrocorticography signals in primary motor cortex.}},
    year = {2013},
    journal = {PloS one},
    author = {Chen, Chao and Shin, Duk and Watanabe, Hidenori and Nakanishi, Yasuhiko and Kambara, Hiroyuki and Yoshimura, Natsue and Nambu, Atsushi and Isa, Tadashi and Nishimura, Yukio and Koike, Yasuharu},
    number = {12},
    month = {1},
    pages = {e83534},
    volume = {8},
    publisher = {Public Library of Science},
    url = {http://dx.doi.org/10.1371/journal.pone.0083534},
    doi = {10.1371/journal.pone.0083534},
    issn = {1932-6203},
    pmid = {24386223},
    keywords = {Animals, Brain-Computer Interfaces, Electroencephalography, Female, Hand, Hand: physiology, Macaca, Male, Motor Cortex, Motor Cortex: physiology, Psychomotor Performance}
}

@article{Shin2012PredictionPrimates.,
    title = {{Prediction of muscle activities from electrocorticograms in primary motor cortex of primates.}},
    year = {2012},
    journal = {PloS one},
    author = {Shin, Duk and Watanabe, Hidenori and Kambara, Hiroyuki and Nambu, Atsushi and Isa, Tadashi and Nishimura, Yukio and Koike, Yasuharu},
    number = {10},
    month = {1},
    pages = {e47992},
    volume = {7},
    publisher = {Public Library of Science},
    url = {http://dx.doi.org/10.1371/journal.pone.0047992},
    doi = {10.1371/journal.pone.0047992},
    issn = {1932-6203},
    pmid = {23110153},
    keywords = {Algorithms, Animals, Brain Mapping, Brain-Computer Interfaces, Electroencephalography, Electroencephalography: methods, Electromyography, Feasibility Studies, Female, Fingers, Fingers: physiology, Linear Models, Macaca, Macaca: physiology, Male, Motor Cortex, Motor Cortex: physiology, Movement, Movement: physiology, Muscles, Muscles: physiology, Reproducibility of Results, Somatosensory Cortex, Somatosensory Cortex: physiology}
}

@article{Liu2014PruningDamage,
    title = {{Pruning Deep Neural Networks by Optimal Brain Damage}},
    year = {2014},
    author = {Liu, Chao and Zhang, Zhiyong and Wang, Dong},
    number = {September},
    pages = {1092--1095},
    keywords = {[Electronic Manuscript]}
}

@article{Networks1997PruningNetworks,
    title = {{Pruning of Neural Networks}},
    year = {1997},
    author = {Networks, Neural}
}

@article{Downes2002ShortLATEX,
    title = {{Short Math Guide for LATEX}},
    year = {2002},
    journal = {American Mathematical Society},
    author = {Downes, M.},
    editor = {Rogers, E and O'Reilly, J},
    pages = {1--17},
    publisher = {Citeseer},
    institution = {American Mathematical Society},
    isbn = {1581139306},
    doi = {10.1.1.96.645}
}

@article{Leung2003TuningAlgorithm,
    title = {{Tuning of the structure and parameters of a neural network using an improved genetic algorithm}},
    year = {2003},
    journal = {IEEE Trans Neural Netw},
    author = {Leung, F F and Lam, H K and Ling, S H and Tam, P S},
    number = {1},
    pages = {79--88},
    volume = {14},
    url = {http://www.ncbi.nlm.nih.gov/pubmed/18237992},
    isbn = {1045-9227 (Print){\textbackslash}r1045-9227 (Linking)},
    doi = {10.1109/TNN.2002.804317},
    issn = {1045-9227},
    pmid = {18237992},
    keywords = {classification, design, evolution, fuzzy controllers, genetic algorithm (ga), multilayer perceptrons, neural networks, parameter learning, structure learning}
}

@article{Accelerometer,
    title = {{Выбор оптимальной модели классификации физической активности по измерениям акселерометра Selection of optimal physical activity classification model using measurements of accelerometer}},
    author = {Задаянчук, А И and Попова, М С and Стрижов, В В and Zadayanchuk, Andrew and Popova, Maria and Strijov, Vadim},
    keywords = {accuracy, artificial neural networks, classification, genetic algorithm, pruning criteria}
}

@article{,
    title = {{Определение типа активности человека по данным акселерометра Цель работы}},
    author = {Перекрестенко, Д О},
    pages = {1--13}
}

@article{2010,
    title = {{Содержание}},
    year = {2010}
}